<record><leader>00000cas a2200000 a 4500</leader><controlfield tag="001">10471555</controlfield><controlfield tag="008">840229d18881890ksuwr ne      0   a0eng d</controlfield><datafield ind1=" " ind2=" " tag="010"><subfield code="a">sn 84029038 </subfield></datafield><datafield ind1=" " ind2=" " tag="040"><subfield code="a">KSH</subfield><subfield code="b">eng</subfield><subfield code="c">KSH</subfield><subfield code="d">NPT</subfield><subfield code="d">OCL</subfield><subfield code="d">OCLCQ</subfield></datafield><datafield ind1=" " ind2=" " tag="042"><subfield code="a">msc</subfield></datafield><datafield ind1=" " ind2=" " tag="043"><subfield code="a">n-us-ks</subfield></datafield><datafield ind1="0" ind2="0" tag="245"><subfield code="a">Dexter free press.</subfield></datafield><datafield ind1=" " ind2=" " tag="260"><subfield code="a">Dexter, Kan. :</subfield><subfield code="b">[P.W. Craig],</subfield><subfield code="c">1888-1890.</subfield></datafield><datafield ind1=" " ind2=" " tag="300"><subfield code="a">2 v.</subfield></datafield><datafield ind1=" " ind2=" " tag="310"><subfield code="a">Weekly</subfield></datafield><datafield ind1="0" ind2=" " tag="362"><subfield code="a">Vol. 1, no. 1 (Sept. 14, 1888)-v. 2, no. 32 (Apr. 25, 1890).</subfield></datafield><datafield ind1=" " ind2=" " tag="752"><subfield code="a">United States</subfield><subfield code="b">Kansas</subfield><subfield code="c">Cowley</subfield><subfield code="d">Dexter.</subfield></datafield><datafield ind1="0" ind2="0" tag="785"><subfield code="t">Industrial educator</subfield><subfield code="w">(DLC)sn 84029068</subfield></datafield></record>